<collection xmlns="http://www.loc.gov/MARC21/slim">
<record>
  <leader>01413nam0a2200253 i 450 </leader>
  <controlfield tag="001">IT\ICCU\CNCE\062482</controlfield>
  <controlfield tag="005">20130219000000.0</controlfield>
  <datafield tag="012" ind1=" " ind2=" ">
    <subfield code="a">n-*. onx. s.O. tune (3) 1587 (R)</subfield>
    <subfield code="2">fei</subfield>
  </datafield>
  <datafield tag="100" ind1=" " ind2=" ">
    <subfield code="a">20051114d1587        0itac0103    ba</subfield>
  </datafield>
  <datafield tag="101" ind1=" " ind2=" ">
    <subfield code="a">LAT</subfield>
  </datafield>
  <datafield tag="102" ind1=" " ind2=" ">
    <subfield code="a">IT</subfield>
  </datafield>
  <datafield tag="200" ind1="1" ind2=" ">
    <subfield code="a">℗Illustribus, et nobilibus eruditissimisque ac acutissimis doctoribus, magnifico d.d. Ioachino Scaglino, moderno praetori, ac capitaneo populi &amp; communis Bonon. ... ℗Allegationes pro reo defenso, tradentes intellectum, tam stat. Bonon. de contract. cum min. in ʹ et quia in fraudem quam Ferrariae de contractib. min. omnibus in foro versantibus. Euangelistae de Vellis inter alios causidicos eiusdem ciuit. patriaeque minimus dicauit</subfield>
  </datafield>
  <datafield tag="210" ind1=" " ind2=" ">
    <subfield code="a">Bononiae</subfield>
    <subfield code="c">apud Alexandrum Benacium</subfield>
    <subfield code="d">1587</subfield>
  </datafield>
  <datafield tag="215" ind1=" " ind2=" ">
    <subfield code="a">20 p.</subfield>
    <subfield code="d">fol</subfield>
  </datafield>
  <datafield tag="620" ind1=" " ind2=" ">
    <subfield code="a">IT</subfield>
    <subfield code="d">Bologna</subfield>
  </datafield>
  <datafield tag="700" ind1=" " ind2="1">
    <subfield code="a">De_Vellis,</subfield>
    <subfield code="b">Evangelista</subfield>
    <subfield code="3">IT\ICCU\CNCA\025020</subfield>
  </datafield>
  <datafield tag="712" ind1="0" ind2="0">
    <subfield code="a">Benacci, Alessandro</subfield>
    <subfield code="3">IT\ICCU\CNCT\000020</subfield>
    <subfield code="4">650</subfield>
  </datafield>
  <datafield tag="791" ind1="0" ind2="0">
    <subfield code="a">Benazzi, Alessandro</subfield>
    <subfield code="3">IT\ICCU\CNCT\003631</subfield>
    <subfield code="z">Benacci, Alessandro</subfield>
  </datafield>
  <datafield tag="791" ind1="0" ind2="0">
    <subfield code="a">Benatius, Alexander</subfield>
    <subfield code="3">IT\ICCU\CNCT\003647</subfield>
    <subfield code="z">Benacci, Alessandro</subfield>
  </datafield>
  <datafield tag="791" ind1="0" ind2="0">
    <subfield code="a">Benacio, Alessandro</subfield>
    <subfield code="3">IT\ICCU\CNCT\004322</subfield>
    <subfield code="z">Benacci, Alessandro</subfield>
  </datafield>
  <datafield tag="791" ind1="0" ind2="0">
    <subfield code="a">Benacius, Alexander</subfield>
    <subfield code="3">IT\ICCU\CNCT\004323</subfield>
    <subfield code="z">Benacci, Alessandro</subfield>
  </datafield>
  <datafield tag="791" ind1="0" ind2="0">
    <subfield code="a">Benaccius, Alexander</subfield>
    <subfield code="3">IT\ICCU\CNCT\004324</subfield>
    <subfield code="z">Benacci, Alessandro</subfield>
  </datafield>
  <datafield tag="801" ind1=" " ind2="3">
    <subfield code="a">IT</subfield>
    <subfield code="b">ICCU</subfield>
    <subfield code="c">20201115</subfield>
  </datafield>
  <datafield tag="899" ind1=" " ind2=" ">
    <subfield code="a">Biblioteca  Panizzi. Reggio Emilia</subfield>
    <subfield code="1">RE0052</subfield>
    <subfield code="2">RE2 PA</subfield>
  </datafield>
</record>
</collection>
